@inproceedings{gandhi2016yoda,
  title={Yoda: A highly available layer-7 load balancer},
  author={Gandhi, Rohan and Hu, Y Charlie and Zhang, Ming},
  booktitle={Proceedings of the Eleventh European Conference on Computer Systems},
  pages={1--16},
  year={2016}
}

@inproceedings{hayakawa2021prism,
  title={Prism: Proxies without the pain},
  author={Hayakawa, Yutaro and Honda, Michio and Santry, Douglas and Eggert, Lars},
  booktitle={18th USENIX Symposium on Networked Systems Design and Implementation (NSDI 21)},
  pages={535--549},
  year={2021}
}

@inproceedings{moon2020acceltcp,
  title={AccelTCP: Accelerating network applications with stateful TCP offloading},
  author={Moon, YoungGyoun and Lee, SeungEon and Jamshed, Muhammad Asim and Park, KyoungSoo},
  booktitle={17th USENIX Symposium on Networked Systems Design and Implementation (NSDI 20)},
  pages={77--92},
  year={2020}
}

@inproceedings {smartcookie,
author = {Sophia Yoo and Xiaoqi Chen and Jennifer Rexford},
title = {{SmartCookie}: Blocking {Large-Scale} {SYN} Floods with a {Split-Proxy} Defense on Programmable Data Planes},
booktitle = {33rd USENIX Security Symposium (USENIX Security 24)},
year = {2024},
isbn = {978-1-939133-44-1},
address = {Philadelphia, PA},
pages = {217--234},
url = {https://www.usenix.org/conference/usenixsecurity24/presentation/yoo},
publisher = {USENIX Association},
month = aug
}
@inproceedings{miao2017silkroad,
  title={Silkroad: Making stateful layer-4 load balancing fast and cheap using switching asics},
  author={Miao, Rui and Zeng, Hongyi and Kim, Changhoon and Lee, Jeongkeun and Yu, Minlan},
  booktitle={Proceedings of the Conference of the ACM Special Interest Group on Data Communication},
  pages={15--28},
  year={2017}
}

@inproceedings{zeng2022tiara,
  title={Tiara: A scalable and efficient hardware acceleration architecture for stateful layer-4 load balancing},
  author={Zeng, Chaoliang and Luo, Layong and Zhang, Teng and Wang, Zilong and Li, Luyang and Han, Wenchen and Chen, Nan and Wan, Lebing and Liu, Lichao and Ding, Zhipeng and others},
  booktitle={19th USENIX Symposium on Networked Systems Design and Implementation (NSDI 22)},
  pages={1345--1358},
  year={2022}
}